<?xml version="1.0" encoding="UTF-8"?><Document xmlns:xsi="http://www.w3.org/2001/XMLSchema-instance" xmlns:xsd="http://www.w3.org/2001/XMLSchema" xsi:schemaLocation="urn:iso:std:iso:20022:tech:xsd:pain.001.001.03 pain.001.001.03.xsd" xmlns="urn:iso:std:iso:20022:tech:xsd:pain.001.001.03"><CstmrCdtTrfInitn><GrpHdr><MsgId>REPLACED</MsgId><CreDtTm>REPLACED</CreDtTm><NbOfTxs>3</NbOfTxs><CtrlSum>418.84</CtrlSum><InitgPty><Nm>NAME</Nm><Id><OrgId><Othr><Id>02012566</Id><SchmeNm><Cd>BANK</Cd></SchmeNm></Othr></OrgId></Id></InitgPty></GrpHdr><PmtInf><PmtInfId>REPLACED</PmtInfId><PmtMtd>TRF</PmtMtd><BtchBookg>true</BtchBookg><ReqdExctnDt>REPLACED</ReqdExctnDt><Dbtr><Nm>MAKSAJA</Nm><PstlAdr><Ctry>FI</Ctry></PstlAdr><Id><OrgId><Othr><Id>02012566</Id><SchmeNm><Cd>BANK</Cd></SchmeNm></Othr></OrgId></Id></Dbtr><DbtrAcct><Id><IBAN>FI1234567891011121</IBAN></Id></DbtrAcct><DbtrAgt><FinInstnId><BIC>NDEAFIHH</BIC></FinInstnId></DbtrAgt><ChrgBr>SLEV</ChrgBr><CdtTrfTxInf><PmtId><EndToEndId>60025900</EndToEndId></PmtId><Amt><InstdAmt Ccy="EUR">198.0</InstdAmt></Amt><Cdtr><Nm>Makkonen, Mari</Nm><PstlAdr><Ctry>FI</Ctry><AdrLine>Keskuskatu 1</AdrLine><AdrLine>00100 Helsinki</AdrLine></PstlAdr></Cdtr><CdtrAcct><Id><IBAN>FI4439289980006088</IBAN></Id></CdtrAcct><RmtInf><Ustrd>Kulukorvaus HKK/24154/2024 maksuerä 1/1</Ustrd></RmtInf></CdtTrfTxInf><CdtTrfTxInf><PmtId><EndToEndId>60025897</EndToEndId></PmtId><Amt><InstdAmt Ccy="EUR">115.25</InstdAmt></Amt><Cdtr><Nm>Villinen, Ville</Nm><PstlAdr><Ctry>FI</Ctry><AdrLine>Testikatu 1</AdrLine><AdrLine>00100 Helsinki</AdrLine></PstlAdr></Cdtr><CdtrAcct><Id><IBAN>FI0280001800223340</IBAN></Id></CdtrAcct><RmtInf><Ustrd>Matka- ja yöpymiskustannusten korvaus MYK/24150/2024 maksuerä 1/1</Ustrd></RmtInf></CdtTrfTxInf><CdtTrfTxInf><PmtId><EndToEndId>60025898</EndToEndId></PmtId><Amt><InstdAmt Ccy="EUR">105.59</InstdAmt></Amt><Cdtr><Nm>Kukkanen, Kukka</Nm><PstlAdr><Ctry>FI</Ctry><AdrLine>Testikatu 1</AdrLine><AdrLine>00100 Helsinki</AdrLine></PstlAdr></Cdtr><CdtrAcct><Id><IBAN>FI0280001800223340</IBAN></Id></CdtrAcct><RmtInf><Ustrd>Matka- ja yöpymiskustannusten korvaus MYK/24151/2024 maksuerä 1/1</Ustrd></RmtInf></CdtTrfTxInf></PmtInf></CstmrCdtTrfInitn></Document>